@article{Moorer1977,
    author = {James A. Moorer},
    title = {On the Transcription of Musical Sound by Computer},
    journal = {Computer Music Journal},
    year = {1977},
    volume = {1},
    number = {4},
    pages = {32--38},
    url = {https://www.jamminpower.org/PDF/JAM/Transcription%20of%20Musical%20Sound%20-%20CMJ%201977.pdf},
    note = {Zugriff am 19.05.2025}
}

@techreport{Martin1996,
    author = {Keith D. Martin},
    title = {Automatic Transcription of Simple Polyphonic Music: Robust Front End Processing},
    institution = {MIT Media Lab},
    year = {1996},
    number = {Technical Report 399},
    url = {https://www.media.mit.edu/publications/automatic-transcription-of-simple-polyphonic-music-robust-front-end-processing-2/},
    note = {Zugriff am 19.05.2025}
}

@inproceedings{Klapuri2001,
    author = {Anssi Klapuri},
    title = {Automatic Transcription of Music},
    booktitle = {Proceedings of the Workshop on Current Research Directions in Computer Music},
    year = {2001},
    url = {http://www.music.mcgill.ca/~ich/classes/mumt611/transcription/KlapuriAToM2001.pdf},
    note = {Zugriff am 19.05.2025}
}

@article{Poliner2007,
    author = {Gregory E. Poliner and Daniel P. W. Ellis},
    title = {A Discriminative Model for Polyphonic Piano Transcription},
    journal = {EURASIP Journal on Advances in Signal Processing},
    volume = {2007},
    number = {Article ID 48317},
    year = {2007},
    url = {https://asp-eurasipjournals.springeropen.com/articles/10.1155/2007/48317},
    note = {Zugriff am 19.05.2025}
}

@inproceedings{Boeck2012,
    author = {Sebastian Böck and Markus Schedl},
    title = {Polyphonic Piano Note Transcription with Recurrent Neural Networks},
    booktitle = {Proceedings of the IEEE International Conference on Acoustics, Speech and Signal Processing (ICASSP)},
    year = {2012},
    pages = {121--124},
    url = {https://www.cp.jku.at/people/schedl/Research/Publications/pdf/boeck_schedl_icassp_2012.pdf},
    note = {Zugriff am 19.05.2025}
}

@article{Tavares2013,
    author = {Tatiana Tavares and Vinicius Costa and Claudio Silva and Paulo R. Cavalin},
    title = {Survey on Automatic Transcription of Music – Historical Overview of Techniques},
    journal = {Journal of the Brazilian Computer Society},
    volume = {19},
    number = {3},
    pages = {345--358},
    year = {2013},
    doi = {10.1007/s13173-013-0118-6},
    url = {https://journal-bcs.springeropen.com/articles/10.1007/s13173-013-0118-6},
    note = {Zugriff am 19.05.2025}
}

@article{benetos2013automatic,
  title={Automatic music transcription: challenges and future directions},
  author={Benetos, Emmanouil and Dixon, Simon and Giannoulis, Dimitrios and Kirchhoff, Holger and Klapuri, Anssi},
  journal={Journal of Intelligent Information Systems},
  volume={41},
  pages={407--434},
  year={2013},
  publisher={Springer}
}

@article{Benetos2019,
    author = {Emmanouil Benetos and Simon Dixon and Zhiyao Duan and Sebastian Ewert},
    title = {Automatic Music Transcription: An Overview},
    journal = {IEEE Signal Processing Magazine},
    volume = {36},
    number = {1},
    pages = {20--30},
    year = {2019},
    doi = {10.1109/MSP.2018.2869928},
    url = {https://www.eecs.qmul.ac.uk/~simond/pub/2018/BenetosDixonDuanEwert-SPM2018-Transcription.pdf},
    note = {Zugriff am 19.05.2025}
}

