@article{Moorer1977,
    author = {James A. Moorer},
    title = {On the Transcription of Musical Sound by Computer},
    journal = {Computer Music Journal},
    year = {1977},
    volume = {1},
    number = {4},
    pages = {32--38},
    url = {https://www.jamminpower.org/PDF/JAM/Transcription%20of%20Musical%20Sound%20-%20CMJ%201977.pdf},
    note = {Zugriff am 19.05.2025}
}

@techreport{Martin1996,
    author = {Keith D. Martin},
    title = {Automatic Transcription of Simple Polyphonic Music: Robust Front End Processing},
    institution = {MIT Media Lab},
    year = {1996},
    number = {Technical Report 399},
    url = {https://www.media.mit.edu/publications/automatic-transcription-of-simple-polyphonic-music-robust-front-end-processing-2/},
    note = {Zugriff am 19.05.2025}
}

@article{Poliner2007,
    author = {Gregory E. Poliner and Daniel P. W. Ellis},
    title = {A Discriminative Model for Polyphonic Piano Transcription},
    journal = {EURASIP Journal on Advances in Signal Processing},
    volume = {2007},
    number = {Article ID 48317},
    year = {2007},
    url = {https://asp-eurasipjournals.springeropen.com/articles/10.1155/2007/48317},
    note = {Zugriff am 19.05.2025}
}

@inproceedings{Boeck2012,
    author = {Sebastian Böck and Markus Schedl},
    title = {Polyphonic Piano Note Transcription with Recurrent Neural Networks},
    booktitle = {Proceedings of the IEEE International Conference on Acoustics, Speech and Signal Processing (ICASSP)},
    year = {2012},
    pages = {121--124},
    url = {https://www.cp.jku.at/people/schedl/Research/Publications/pdf/boeck_schedl_icassp_2012.pdf},
    note = {Zugriff am 19.05.2025}
}

@article{Tavares2013,
    author = {Tatiana Tavares and Vinicius Costa and Claudio Silva and Paulo R. Cavalin},
    title = {Survey on Automatic Transcription of Music – Historical Overview of Techniques},
    journal = {Journal of the Brazilian Computer Society},
    volume = {19},
    number = {3},
    pages = {345--358},
    year = {2013},
    doi = {10.1007/s13173-013-0118-6},
    url = {https://journal-bcs.springeropen.com/articles/10.1007/s13173-013-0118-6},
    note = {Zugriff am 19.05.2025}
}

@article{benetos2013automatic,
  title={Automatic music transcription: challenges and future directions},
  author={Benetos, Emmanouil and Dixon, Simon and Giannoulis, Dimitrios and Kirchhoff, Holger and Klapuri, Anssi},
  journal={Journal of Intelligent Information Systems},
  volume={41},
  pages={407--434},
  year={2013},
  publisher={Springer}
}

@article{Benetos2019,
    author = {Emmanouil Benetos and Simon Dixon and Zhiyao Duan and Sebastian Ewert},
    title = {Automatic Music Transcription: An Overview},
    journal = {IEEE Signal Processing Magazine},
    volume = {36},
    number = {1},
    pages = {20--30},
    year = {2019},
    doi = {10.1109/MSP.2018.2869928},
    url = {https://www.eecs.qmul.ac.uk/~simond/pub/2018/BenetosDixonDuanEwert-SPM2018-Transcription.pdf},
    note = {Zugriff am 19.05.2025}
}

% Alle Quellen Hier drüber von ChatGPT, also nochmal in Google Scholar richtige Zitierung überprüfen

@article{smith1983midi,
author={smith dave and wood chet},
journal={journal of the audio engineering society},
title={the 'usi', or universal synthesizer interface},
year={1981},
number={1845},
month={october},}

@article{goswami2013timbre,
  title={Study paper for Timbre identification in sound},
  author={Goswami, AP and Velankar, Makarand},
  journal={International Journal of Engineering Research \& Technology (IJERT)},
  volume={2},
  number={10},
  year={2013}
}

@article{telila2025cnn,
  title={Automatic music transcription using convolutional neural networks and constant-q transform},
  author={Telila, Yohannis and Cucinotta, Tommaso and Bacciu, Davide},
  journal={arXiv preprint arXiv:2505.04451},
  year={2025}
}

@online{iZotope2025noisefloor,
  author = {{iZotope}},
  title = {What is the Noise Floor?},
  year = {n.d.},
  url = {https://www.izotope.com/en/learn/what-is-the-noise-floor.html},
  note = {Zugriff am 19.05.2025}
}

@inproceedings{graves2007multi,
  title={Multi-dimensional recurrent neural networks},
  author={Graves, Alex and Fern{\'a}ndez, Santiago and Schmidhuber, J{\"u}rgen},
  booktitle={International conference on artificial neural networks},
  pages={549--558},
  year={2007},
  organization={Springer}
}

@article{han2016deep,
  title={Deep convolutional neural networks for predominant instrument recognition in polyphonic music},
  author={Han, Yoonchang and Kim, Jaehun and Lee, Kyogu},
  journal={IEEE/ACM Transactions on Audio, Speech, and Language Processing},
  volume={25},
  number={1},
  pages={208--221},
  year={2016},
  publisher={IEEE}
}

@article{scheirer1998tempo,
  title={Tempo and beat analysis of acoustic musical signals},
  author={Scheirer, Eric D},
  journal={The Journal of the Acoustical Society of America},
  volume={103},
  number={1},
  pages={588--601},
  year={1998},
  publisher={Acoustical Society of America}
}

@inproceedings{klapuri1998automatic,
    title={Automatic transcription of music},
    author={Klapuri, Anssi and Eronen, Antti},
    booktitle={Proceedings of the Stockholm Music Acoustics Conference},
    pages={6--9},
    year={1998}
}

@article{baum1970maximization,
  title={A maximization technique occurring in the statistical analysis of probabilistic functions of Markov chains},
  author={Baum, Leonard E and Petrie, Ted and Soules, George and Weiss, Norman},
  journal={The annals of mathematical statistics},
  volume={41},
  number={1},
  pages={164--171},
  year={1970},
  publisher={JSTOR}
}

@inproceedings{takeda2002hidden,
  title={Hidden Markov model for automatic transcription of MIDI signals},
  author={Takeda, Haruto and Saito, Naoki and Otsuki, Tomoshi and Nakai, Mitsuru and Shimodaira, Hiroshi and Sagayama, Shigeki},
  booktitle={2002 IEEE Workshop on Multimedia Signal Processing.},
  pages={428--431},
  year={2002},
  organization={IEEE}
}

@inproceedings{joysingh2019development,
  title={Development of large annotated music datasets using HMM based forced Viterbi alignment},
  author={Joysingh, S Johanan and Vijayalakshmi, P and Nagarajan, T},
  booktitle={TENCON 2019-2019 IEEE Region 10 Conference (TENCON)},
  pages={1298--1302},
  year={2019},
  organization={IEEE}
}

@article{eyben2010universal,
  title={Universal onset detection with bidirectional long-short term memory neural networks},
  author={Eyben, Florian and B{\"o}ck, Sebastian and Schuller, Bj{\"o}rn and Graves, Alex},
  year={2010}
}

@article{sigtia2016end,
  title={An end-to-end neural network for polyphonic piano music transcription},
  author={Sigtia, Siddharth and Benetos, Emmanouil and Dixon, Simon},
  journal={IEEE/ACM Transactions on Audio, Speech, and Language Processing},
  volume={24},
  number={5},
  pages={927--939},
  year={2016},
  publisher={IEEE}
}

@article{martak2022balancing,
  title={Balancing bias and performance in polyphonic piano transcription systems},
  author={Mart{\'a}k, Luk{\'a}{\v{s}} Samuel and Kelz, Rainer and Widmer, Gerhard},
  journal={Frontiers in Signal Processing},
  volume={2},
  pages={975932},
  year={2022},
  publisher={Frontiers Media SA}
}

@article{gu2023deep,
  title={Deep audio-visual singing voice transcription based on self-supervised learning models},
  author={Gu, Xiangming and Zeng, Wei and Zhang, Jianan and Ou, Longshen and Wang, Ye},
  journal={arXiv preprint arXiv:2304.12082},
  year={2023}
}

@article{gu2024automatic,
  title={Automatic lyric transcription and automatic music transcription from multimodal singing},
  author={Gu, Xiangming and Ou, Longshen and Zeng, Wei and Zhang, Jianan and Wong, Nicholas and Wang, Ye},
  journal={ACM Transactions on Multimedia Computing, Communications and Applications},
  volume={20},
  number={7},
  pages={1--29},
  year={2024},
  publisher={ACM New York, NY}
}

@article{jamshidi2024machine,
  title={Machine learning techniques in automatic music transcription: A systematic survey},
  author={Jamshidi, Fatemeh and Pike, Gary and Das, Amit and Chapman, Richard},
  journal={arXiv preprint arXiv:2406.15249},
  year={2024}
}

@inproceedings{kusaka2024mobile,
  title={Mobile-AMT: Real-Time Polyphonic Piano Transcription for In-the-Wild Recordings},
  author={Kusaka, Yuta and Maezawa, Akira},
  booktitle={2024 32nd European Signal Processing Conference (EUSIPCO)},
  pages={36--40},
  year={2024},
  organization={IEEE}
}

@misc{performance_rnn2017event,
  title        = {Performance RNN: Generating Expressive Piano Performances with Neural Networks},
  author       = {{Magenta Team}},
  year         = {2017},
  howpublished = {\url{https://magenta.tensorflow.org/performance-rnn}},
  note         = {Accessed: 2025-06-22}
}

@inproceedings{cheuk2021revisiting,
  title={Revisiting the onsets and frames model with additive attention},
  author={Cheuk, Kin Wai and Luo, Yin-Jyun and Benetos, Emmanouil and Herremans, Dorien},
  booktitle={2021 International Joint Conference on Neural Networks (IJCNN)},
  pages={1--8},
  year={2021},
  organization={IEEE}
}

@article{hawthorne2017onsets,
  title={Onsets and frames: Dual-objective piano transcription},
  author={Hawthorne, Curtis and Elsen, Erich and Song, Jialin and Roberts, Adam and Simon, Ian and Raffel, Colin and Engel, Jesse and Oore, Sageev and Eck, Douglas},
  journal={arXiv preprint arXiv:1710.11153},
  year={2017}
}

@article{fukushima1980neocognitron,
  title={Neocognitron: A self-organizing neural network model for a mechanism of pattern recognition unaffected by shift in position},
  author={Fukushima, Kunihiko},
  journal={Biological cybernetics},
  volume={36},
  number={4},
  pages={193--202},
  year={1980},
  publisher={Springer}
}

@article{lecun1989backpropagation,
  title={Backpropagation applied to handwritten zip code recognition},
  author={LeCun, Yann and Boser, Bernhard and Denker, John S and Henderson, Donnie and Howard, Richard E and Hubbard, Wayne and Jackel, Lawrence D},
  journal={Neural computation},
  volume={1},
  number={4},
  pages={541--551},
  year={1989},
  publisher={MIT Press}
}

@incollection{jordan1997serial,
  title={Serial order: A parallel distributed processing approach},
  author={Jordan, Michael I},
  booktitle={Advances in psychology},
  volume={121},
  pages={471--495},
  year={1997},
  publisher={Elsevier}
}

@article{elman1990finding,
  title={Finding structure in time},
  author={Elman, Jeffrey L},
  journal={Cognitive science},
  volume={14},
  number={2},
  pages={179--211},
  year={1990},
  publisher={Wiley Online Library}
}

@inproceedings{sigtia2015hybrid,
  title={A hybrid recurrent neural network for music transcription},
  author={Sigtia, Siddharth and Benetos, Emmanouil and Boulanger-Lewandowski, Nicolas and Weyde, Tillman and Garcez, Artur S d'Avila and Dixon, Simon},
  booktitle={2015 IEEE international conference on acoustics, speech and signal processing (ICASSP)},
  pages={2061--2065},
  year={2015},
  organization={IEEE}
}

@article{schuster1997bidirectional,
  title={Bidirectional recurrent neural networks},
  author={Schuster, Mike and Paliwal, Kuldip K},
  journal={IEEE transactions on Signal Processing},
  volume={45},
  number={11},
  pages={2673--2681},
  year={1997},
  publisher={Ieee}
}

@article{hochreiter1997long,
  title={Long short-term memory},
  author={Hochreiter, Sepp and Schmidhuber, J{\"u}rgen},
  journal={Neural computation},
  volume={9},
  number={8},
  pages={1735--1780},
  year={1997},
  publisher={MIT press}
}

@article{vaswani2017attention,
  title={Attention is all you need},
  author={Vaswani, Ashish and Shazeer, Noam and Parmar, Niki and Uszkoreit, Jakob and Jones, Llion and Gomez, Aidan N and Kaiser, {\L}ukasz and Polosukhin, Illia},
  journal={Advances in neural information processing systems},
  volume={30},
  year={2017}
}

@article{toyama2023automatic,
  title={Automatic piano transcription with hierarchical frequency-time transformer},
  author={Toyama, Keisuke and Akama, Taketo and Ikemiya, Yukara and Takida, Yuhta and Liao, Wei-Hsiang and Mitsufuji, Yuki},
  journal={arXiv preprint arXiv:2307.04305},
  year={2023}
}

@article{gardner2021mt3,
  title={MT3: Multi-task multitrack music transcription},
  author={Gardner, Josh and Simon, Ian and Manilow, Ethan and Hawthorne, Curtis and Engel, Jesse},
  journal={arXiv preprint arXiv:2111.03017},
  year={2021}
}

@inproceedings{chang2024yourmt3+,
  title={YourMT3+: Multi-Instrument Music Transcription with Enhanced Transformer Architectures and Cross-Dataset STEM Augmentation},
  author={Chang, Sungkyun and Benetos, Emmanouil and Kirchhoff, Holger and Dixon, Simon},
  booktitle={2024 IEEE 34th International Workshop on Machine Learning for Signal Processing (MLSP)},
  pages={1--6},
  year={2024},
  organization={IEEE}
}

@article{kingma2019introduction,
  title={An introduction to variational autoencoders},
  author={Kingma, Diederik P and Welling, Max and others},
  journal={Foundations and Trends{\textregistered} in Machine Learning},
  volume={12},
  number={4},
  pages={307--392},
  year={2019},
  publisher={Now Publishers, Inc.}
}

@misc{kingma2013auto,
  title={Auto-encoding variational bayes},
  author={Kingma, Diederik P and Welling, Max and others},
  year={2013},
  publisher={Banff, Canada}
}

@article{wu2020comprehensive,
  title={A comprehensive survey on graph neural networks},
  author={Wu, Zonghan and Pan, Shirui and Chen, Fengwen and Long, Guodong and Zhang, Chengqi and Yu, Philip S},
  journal={IEEE transactions on neural networks and learning systems},
  volume={32},
  number={1},
  pages={4--24},
  year={2020},
  publisher={IEEE}
}

@inproceedings{cheuk2022diffroll,
  title     = {DiffRoll: Diffusion-based Generative Music Transcription with Unsupervised Pretraining Capability},
  author    = {Cheuk, Kin Wai and Sawata, Ryosuke and Uesaka, Toshimitsu and Murata, Naoki and Takahashi, Naoya and Takahashi, Shusuke and Herremans, Dorien and Mitsufuji, Yuki},
  booktitle = {ICASSP},
  year      = {2023},
  month     = {April},
  note      = {arXiv preprint arXiv:2210.05148, Oct 2022},
}

@article{li2018music,
  title={Music theory inspired policy gradient method for piano music transcription},
  author={Li, Juncheng and Qu, Shuhui and Li, Xinya and Wang, Yun and Li, Xinjian and Metze, Florian},
  journal={Advances in Neural Information Processing Systems},
  volume={31},
  year={2018}
}

@article{lecun2006tutorial,
  title={A tutorial on energy-based learning},
  author={LeCun, Yann and Chopra, Sumit and Hadsell, Raia and Ranzato, M and Huang, Fujie and others},
  journal={Predicting structured data},
  volume={1},
  number={0},
  year={2006}
}

@article{wu2021omnizart,
  title={Omnizart: A general toolbox for automatic music transcription},
  author={Wu, Yu-Te and Luo, Yin-Jyun and Chen, Tsung-Ping and Wei, I and Hsu, Jui-Yang and Chuang, Yi-Chin and Su, Li and others},
  journal={arXiv preprint arXiv:2106.00497},
  year={2021}
}

@article{chung2014empirical,
  title={Empirical evaluation of gated recurrent neural networks on sequence modeling},
  author={Chung, Junyoung and Gulcehre, Caglar and Cho, KyungHyun and Bengio, Yoshua},
  journal={arXiv preprint arXiv:1412.3555},
  year={2014}
}

@article{jung2018adaptive,
  title={Adaptive detrending to accelerate convolutional gated recurrent unit training for contextual video recognition},
  author={Jung, Minju and Lee, Haanvid and Tani, Jun},
  journal={Neural Networks},
  volume={105},
  pages={356--370},
  year={2018},
  publisher={Elsevier}
}

@article{pyrovolakis2022multimodal,
  author       = {Pyrovolakis, Konstantinos and Tzouveli, Paraskevi K. and Stamou, Giorgos},
  title        = {Multi-Modal Song Mood Detection with Deep Learning},
  journal      = {Sensors},
  year         = {2022},
  volume       = {22},
  number       = {2},
  pages        = {358?},
  doi          = {10.3390/s22020358},
}

@article{cheuk2020impact,
  title={The Impact of Audio Input Representations on Neural Network Based Music Transcription},
  author={Cheuk, Tom and Shan, Kai and Raphael, Chris},
  journal={arXiv preprint arXiv:2001.09989},
  year={2020},
  url={https://arxiv.org/abs/2001.09989}
}

@online{shahriar2020cnn,
  author       = {Shahriar, Nafiz},
  title        = {What is Convolutional Neural Network (CNN) — Deep Learning},
  year         = {2020},
  url          = {https://nafizshahriar.medium.com/what-is-convolutional-neural-network-cnn-deep-learning-b3921bdd82d5},
  note         = {Zugriff am 27.07.2025}
}

@online{mt3colab,
  author       = {Gardner, Josh and Simon, Ian and Manilow, Ethan and Hawthorne, Curtis and Engel, Jesse},
  title        = {Music Transcription with Transformers - MT3 Colab Notebook},
  year         = {2022},
  url          = {https://colab.research.google.com/github/magenta/mt3/blob/main/mt3/colab/music_transcription_with_transformers.ipynb},
  note         = {Zugriff am 27.07.2025}
}

@misc{wikimediaRNN,
  author = {{Wikimedia Commons contributors}},
  title = {Recurrent neural network unfold.svg},
  year = {2016},
  url = {https://commons.wikimedia.org/wiki/File:Recurrent_neural_network_unfold.svg},
  note = {Zugriff am 27.07.2025}
}

@music{bach_wtk1_nr5,
  composer    = {Johann Sebastian Bach},
  title       = {Das Wohltemperierte Klavier I, BWV 846–869},
  subtitle    = {Nr. 5 in D-Dur},
  editor      = {Ernst-Günter Heinemann},
  edition     = {Urtext-Ausgabe},
  publisher   = {G. Henle Verlag},
  location    = {München},
  year        = {1992},
  note        = {BWV 850},
}
