@misc{chang2024yourmt3multiinstrumentmusictranscription,
      title={YourMT3+: Multi-instrument Music Transcription with Enhanced Transformer Architectures and Cross-dataset Stem Augmentation},
      author={Sungkyun Chang and Emmanouil Benetos and Holger Kirchhoff and Simon Dixon},
      year={2024},
      eprint={2407.04822},
      archivePrefix={arXiv},
      primaryClass={eess.AS},
      url={https://arxiv.org/abs/2407.04822},
}

@inproceedings{
gardner2022mt,
title={{MT}3: Multi-Task Multitrack Music Transcription},
author={Joshua P Gardner and Ian Simon and Ethan Manilow and Curtis Hawthorne and Jesse Engel},
booktitle={International Conference on Learning Representations},
year={2022},
url={https://openreview.net/forum?id=iMSjopcOn0p}
}

@article{raffel2020exploring,
  title={Exploring the limits of transfer learning with a unified text-to-text transformer},
  author={Raffel, Colin and Shazeer, Noam and Roberts, Adam and Lee, Katherine and Narang, Sharan and Matena, Michael and Zhou, Yanqi and Li, Wei and Liu, Peter J},
  journal={Journal of machine learning research},
  volume={21},
  number={140},
  pages={1--67},
  year={2020}
}

@inproceedings{jaegle2021perceiver,
  title={Perceiver: General perception with iterative attention},
  author={Jaegle, Andrew and Gimeno, Felix and Brock, Andy and Vinyals, Oriol and Zisserman, Andrew and Carreira, Joao},
  booktitle={International conference on machine learning},
  pages={4651--4664},
  year={2021},
  organization={PMLR}
}