
@misc{YourMT3_GitHub,
  title        = {YourMT3: Multi-task and multi-track music transcription for everyone},
  author       = {Chang, Sungkyun},
  howpublished = {GitHub repository},
  year         = {2025},
  url          = {https://github.com/mimbres/YourMT3},
  note         = {Accessed: 2025-09-24, GPL-3.0}
}

@misc{YourMT3_Issue2,
  title        = {Cannot wait to use this project\textasciitilde{} (Issue \#2)},
  author       = {tomasJwYU and Chang, Sungkyun},
  howpublished = {GitHub Issues},
  year         = {2023},
  url          = {https://github.com/mimbres/YourMT3/issues/2},
  note         = {Thread with maintainer comments; Accessed: 2025-09-24}
}

@misc{YourMT3_HF_Space,
  title        = {YourMT3 — Hugging Face Space (Audio/YouTube to MIDI demo)},
  author       = {Chang, Sungkyun},
  howpublished = {Hugging Face Spaces},
  year         = {2024},
  url          = {https://huggingface.co/spaces/mimbres/YourMT3},
  note         = {Accessed: 2025-09-24}
}

@misc{YourMT3_HF_Model,
  title        = {YourMT3 — Model checkpoints (model card)},
  author       = {Chang, Sungkyun},
  howpublished = {Hugging Face Model Hub},
  year         = {2024},
  url          = {https://huggingface.co/mimbres/YourMT3},
  note         = {Accessed: 2025-09-24}
}

@misc{GM_Percussion_KeyMap,
  title        = {General MIDI Percussion Key Map},
  howpublished = {MuseScore.org (PDF)},
  year         = {2015},
  url          = {https://musescore.org/sites/musescore.org/files/General%20MIDI%20Standard%20Percussion%20Set%20Key%20Map.pdf},
  note         = {Concise GM mapping for Channel 10; Accessed: 2025-09-24}
}

@misc{Wikipedia_General_MIDI,
  title        = {General MIDI},
  howpublished = {Wikipedia},
  year         = {2025},
  url          = {https://en.wikipedia.org/wiki/General_MIDI},
  note         = {Accessed: 2025-09-24}
}

@online{MAESTRO_dataset_page,
  title   = {The MAESTRO Dataset},
  author  = {{Google Magenta}},
  year    = {2018},
  url     = {https://magenta.withgoogle.com/datasets/maestro},
  urldate = {2025-09-24},
  note    = {Dataset landing page (MAESTRO v1.0–v3.0 overview)}
}

@online{MUSDB18_dataset_page,
  title   = {MUSDB18},
  author  = {{SigSep Project}},
  year    = {2018},
  url     = {https://sigsep.github.io/datasets/musdb.html},
  urldate = {2025-09-24},
  note    = {Dataset landing page (stems, licensing, Zenodo links)}
}

@online{URMP_dataset_page,
  title   = {University of Rochester Multi-Modal Music Performance (URMP) Dataset},
  author  = {{University of Rochester, Audio Information Research Lab}},
  year    = {2018},
  url     = {https://labsites.rochester.edu/air/projects/URMP.html},
  urldate = {2025-09-24},
  note    = {Dataset landing page (overview, downloads, documentation)}
}
